@online{planar_move_controller,
    author    = "Gazebo",
    title     = "Gazebo plugins in ROS",
    url       = "http://gazebosim.org/tutorials?tut=ros_gzplugins",
    addendum = "(accessed: 11.30.2021)",
}

@online{ros_concept,
    author    = "ROS WIKI",
    title     = "ROS Concept",
    url       = "http://wiki.ros.org/ROS/Concepts",
    addendum = "(accessed: 11.30.2021)",
}

@online{diff_drive_robot,
    author    = "Sanuann",
    title     = "DifferentialDriveRobot",
    url       = "https://github.com/sanuann/DifferentialDriveRobot",
    addendum = "(accessed: 11.30.2021)",
}

@online{iluvrobotiks,
    author    = "Aditya Gupta, Ayush Nair, Karnap Patel",
    title     = "ece470\_project",
    url       = "https://github.com/adityag5/ece470_project",
    addendum = "(accessed: 11.30.2021)",
}
